@book{latexcompanion,
    author    = "Michel Goossens and Frank Mittelbach and Alexander Samarin",
    title     = "The \LaTeX\ Companion",
    year      = "1993",
    publisher = "Addison-Wesley",
    address   = "Reading, Massachusetts",
    edition   = "3"
}

@book{KnuthArtOfCompProg4-5b,
	author    = "Donald E. Knuth",
	title     = "The Art of Computer Programming - prefascicle 5B",
	year      = "2019",
	publisher = "Addison-Wesley"
}

@book{HorowitzAlgorithms,
	author    = "Ellis Horowitz and Sartaj Sahn and SanguthevarRajasekar",
	title     = "Computers Algorithms",
	year      = "1998",
	publisher = "Computer Science Press"
}